@InBook{latex1,
  author = 	 {胡伟},
  title = 	 {\LaTeXe~完全自学手册},
  publisher = 	 {清华大学出版社},
  address =      {北京清华大学学研大厦A座},
  edition = 	 {},
  year = 	 {2011},
  pages =        {27--47},
  PAGES =        {1000},
  month = 	 {},
}

@Book{VisualCpp,
  author = 	 {宋坤 and 刘志铭 and 赛奎春{}等},
  title = 	 {Visual C++ 开发实战宝典},
  publisher = 	 {清华大学出版社},
  year = 	 {2010},
  OPTkey = 	 {},
  OPTvolume = 	 {},
  OPTnumber = 	 {},
  OPTseries = 	 {},
  OPTaddress = 	 {},
  OPTedition = 	 {},
  OPTmonth = 	 {},
  OPTnote = 	 {},
  OPTannote = 	 {}
}

@Book{CppTHQ,
  author = 	 {谭浩强},
  title = 	 {C++ 面向对象程序设计},
  publisher = 	 {清华大学出版社},
  year = 	 {2006},
  OPTkey = 	 {},
  OPTvolume = 	 {},
  OPTnumber = 	 {},
  OPTseries = 	 {},
  OPTaddress = 	 {},
  OPTedition = 	 {},
  OPTmonth = 	 {},
  OPTnote = 	 {},
  OPTannote = 	 {}
}

@manual{802.15.4,
  author =       {IEEE Std 802.15.4\textsuperscript{TM}},
  title =        {Wireless Medium Access Control (MAC) and Physical Layer (PHY) Specifications for Low-Rate Wireless Personal Area Networks (WPANs)},
  year = {2006},
  organization = {IEEE Computer Society},
  address =      {NY,USA}

}